@article{winther2012environment,
  title={Environment dependence of dark matter halos in symmetron modified gravity},
  author={Winther, Hans A and Mota, David F and Li, Baojiu},
  journal={The Astrophysical Journal},
  volume={756},
  number={2},
  pages={166},
  year={2012},
  publisher={IOP Publishing}
}
@article{tomi,
      author         = "Koivisto, Tomi S. and Mota, David F. and Zumalacarregui,
                        Miguel",
      title          = "{Screening Modifications of Gravity through Disformally
                        Coupled Fields}",
      journal        = "Phys. Rev. Lett.",
      volume         = "109",
      year           = "2012",
      pages          = "241102",
      doi            = "10.1103/PhysRevLett.109.241102",
      eprint         = "1205.3167",
      archivePrefix  = "arXiv",
      primaryClass   = "astro-ph.CO",
      SLACcitation   = "%%CITATION = ARXIV:1205.3167;%%"
}
@article{hans,
      author         = "Winther, Hans A. and others",
      title          = "{Modified Gravity N-body Code Comparison Project}",
      journal        = "Mon. Not. Roy. Astron. Soc.",
      volume         = "454",
      year           = "2015",
      number         = "4",
      pages          = "4208-4234",
      doi            = "10.1093/mnras/stv2253",
      eprint         = "1506.06384",
      archivePrefix  = "arXiv",
      primaryClass   = "astro-ph.CO",
      SLACcitation   = "%%CITATION = ARXIV:1506.06384;%%"
}
@article{euclid,
      author         = "Amendola, Luca and others",
      title          = "{Cosmology and Fundamental Physics with the Euclid
                        Satellite}",
      year           = "2016",
      eprint         = "1606.00180",
      archivePrefix  = "arXiv",
      primaryClass   = "astro-ph.CO",
      SLACcitation   = "%%CITATION = ARXIV:1606.00180;%%"
}
@article{skordis,
      author         = "Skordis, Constantinos and Mota, D. F. and Ferreira, P. G.
                        and Boehm, C.",
      title          = "{Large Scale Structure in Bekenstein's theory of
                        relativistic Modified Newtonian Dynamics}",
      journal        = "Phys. Rev. Lett.",
      volume         = "96",
      year           = "2006",
      pages          = "011301",
      doi            = "10.1103/PhysRevLett.96.011301",
      eprint         = "astro-ph/0505519",
      archivePrefix  = "arXiv",
      primaryClass   = "astro-ph",
      SLACcitation   = "%%CITATION = ASTRO-PH/0505519;%%"
}
@article{dubois2008onset,
  title={On the onset of galactic winds in quiescent star forming galaxies},
  author={Dubois, Yohan and Teyssier, Romain},
  journal={Astronomy \& Astrophysics},
  volume={477},
  number={1},
  pages={79--94},
  year={2008},
  publisher={EDP Sciences}
}

@article{power2003inner,
  title={The inner structure of $\Lambda$CDM haloes—I. A numerical convergence study},
  author={Power, Chris and Navarro, JF and Jenkins, A and Frenk, CS and White, Simon DM and Springel, V and Stadel, J and Quinn, T},
  journal={Monthly Notices of the Royal Astronomical Society},
  volume={338},
  number={1},
  pages={14--34},
  year={2003},
  publisher={Blackwell Science Ltd Oxford, UK}
}

@article{claudio,
      author         = "Llinares, Claudio and Mota, David F.",
      title          = "{Cosmological simulations of screened modified gravity
                        out of the static approximation: effects on matter
                        distribution}",
      journal        = "Phys. Rev.",
      volume         = "D89",
      year           = "2014",
      number         = "8",
      pages          = "084023",
      doi            = "10.1103/PhysRevD.89.084023",
      eprint         = "1312.6016",
      archivePrefix  = "arXiv",
      primaryClass   = "astro-ph.CO",
      SLACcitation   = "%%CITATION = ARXIV:1312.6016;%%"
}
@article{teyssier2002cosmological,
  title={Cosmological hydrodynamics with adaptive mesh refinement-A new high resolution code called RAMSES},
  author={Teyssier, Romain},
  journal={Astronomy \& Astrophysics},
  volume={385},
  number={1},
  pages={337--364},
  year={2002},
  publisher={EDP Sciences}
}

@article{gill2004evolution,
  title={The evolution of substructure—I. A new identification method},
  author={Gill, Stuart PD and Knebe, Alexander and Gibson, Brad K},
  journal={Monthly Notices of the Royal Astronomical Society},
  volume={351},
  number={2},
  pages={399--409},
  year={2004},
  publisher={The Royal Astronomical Society}
}

@article{riess1998observational,
  title={Observational evidence from supernovae for an accelerating universe and a cosmological constant},
  author={Riess, Adam G and Filippenko, Alexei V and Challis, Peter and Clocchiatti, Alejandro and Diercks, Alan and Garnavich, Peter M and Gilliland, Ron L and Hogan, Craig J and Jha, Saurabh and Kirshner, Robert P and others},
  journal={The Astronomical Journal},
  volume={116},
  number={3},
  pages={1009},
  year={1998},
  publisher={IOP Publishing}
}

@article{knollmann2009ahf,
  title={AHF: Amiga's halo finder},
  author={Knollmann, Steffen R and Knebe, Alexander},
  journal={The Astrophysical Journal Supplement Series},
  volume={182},
  number={2},
  pages={608},
  year={2009},
  publisher={IOP Publishing}
}
@article{hammami2017probing,
  title={Probing modified gravity via the mass-temperature relation of galaxy clusters},
  author={Hammami, Amir and Mota, David F},
  journal={Astronomy \& Astrophysics},
  volume={598},
  pages={A132},
  year={2017},
  publisher={EDP Sciences}
}

@article{hammami2015hydrodynamic,
  title={Hydrodynamic effects in the symmetron and f (R)-gravity models},
  author={Hammami, Amir and Llinares, Claudio and Mota, David F and Winther, Hans A},
  journal={Monthly Notices of the Royal Astronomical Society},
  volume={449},
  number={4},
  pages={3635--3644},
  year={2015},
  publisher={The Royal Astronomical Society}
}

@article{hammami2015cosmological,
  title={Cosmological simulations with hydrodynamics of screened scalar-tensor gravity with non-universal coupling},
  author={Hammami, Amir and Mota, David F},
  journal={Astronomy \& Astrophysics},
  volume={584},
  pages={A57},
  year={2015},
  publisher={EDP Sciences}
}

@article{bertschinger2001multiscale,
  title={Multiscale Gaussian random fields and their application to cosmological simulations},
  author={Bertschinger, Edmund},
  journal={The astrophysical journal supplement series},
  volume={137},
  number={1},
  pages={1},
  year={2001},
  publisher={IOP Publishing}
}

@article{prunet2008initial,
  title={Initial conditions for large cosmological simulations},
  author={Prunet, S and Pichon, C and Aubert, D and Pogosyan, D and Teyssier, R and Gottloeber, S},
  journal={The astrophysical journal supplement series},
  volume={178},
  number={2},
  pages={179},
  year={2008},
  publisher={IOP Publishing}
}

@article{gasperini2001quintessence,
  title={Quintessence as a runaway dilaton},
  author={Gasperini, M and Piazza, F and Veneziano, Gabriele},
  journal={Physical Review D},
  volume={65},
  number={2},
  pages={023508},
  year={2001},
  publisher={APS}
}

@article{nojiri2006modified,
  title={Modified f (R) gravity consistent with realistic cosmology: From a matter dominated epoch to a dark energy universe},
  author={Nojiri, Shin’ichi and Odintsov, Sergei D},
  journal={Physical Review D},
  volume={74},
  number={8},
  pages={086005},
  year={2006},
  publisher={APS}
}

@article{carroll2005cosmology,
  title={Cosmology of generalized modified gravity models},
  author={Carroll, Sean M and De Felice, Antonio and Duvvuri, Vikram and Easson, Damien A and Trodden, Mark and Turner, Michael S},
  journal={Physical Review D},
  volume={71},
  number={6},
  pages={063513},
  year={2005},
  publisher={APS}
}

@article{nojiri2007introduction,
  title={Introduction to modified gravity and gravitational alternative for dark energy},
  author={Nojiri, Shin'Ichi and Odintsov, Sergei D},
  journal={International Journal of Geometric Methods in Modern Physics},
  volume={4},
  number={01},
  pages={115--145},
  year={2007},
  publisher={World Scientific}
}

@article{kimura2012vainshtein,
  title={Vainshtein screening in a cosmological background in the most general second-order scalar-tensor theory},
  author={Kimura, Rampei and Kobayashi, Tsutomu and Yamamoto, Kazuhiro},
  journal={Physical Review D},
  volume={85},
  number={2},
  pages={024023},
  year={2012},
  publisher={APS}
}

@article{llinares2014isis,
  title={ISIS: a new N-body cosmological code with scalar fields based on RAMSES-Code presentation and application to the shapes of clusters},
  author={Llinares, Claudio and Mota, David F and Winther, Hans A},
  journal={Astronomy \& Astrophysics},
  volume={562},
  pages={A78},
  year={2014},
  publisher={EDP Sciences}
}

@article{hinterbichler2011symmetron,
  title={Symmetron cosmology},
  author={Hinterbichler, Kurt and Khoury, Justin and Levy, Aaron and Matas, Andrew},
  journal={Physical Review D},
  volume={84},
  number={10},
  pages={103521},
  year={2011},
  publisher={APS}
}

@article{perlmutter1999measurements,
  title={Measurements of $\Omega$ and $\Lambda$ from 42 high-redshift supernovae},
  author={Perlmutter, Saul and Aldering, G and Goldhaber, G and Knop, RA and Nugent, P and Castro, PG and Deustua, S and Fabbro, S and Goobar, A and Groom, DE and others},
  journal={The Astrophysical Journal},
  volume={517},
  number={2},
  pages={565},
  year={1999},
  publisher={IOP Publishing}
}

@article{balogh2001revisiting,
  title={Revisiting the cosmic cooling crisis},
  author={Balogh, Michael L and Pearce, Frazer R and Bower, Richard G and Kay, Scott T},
  journal={Monthly Notices of the Royal Astronomical Society},
  volume={326},
  number={4},
  pages={1228--1234},
  year={2001},
  publisher={Blackwell Science Ltd Oxford, UK}
}

@article{gerritsen1997star,
  title={Star formation in N-body simulations. I. The impact of the stellar ultraviolet radiation on star formation.},
  author={Gerritsen, Jeroen PE and Icke, Vincent},
  journal={Astronomy and Astrophysics},
  volume={325},
  pages={972--986},
  year={1997}
}

@article{clifton2011modified,
  title={Modified gravity and cosmology},
  author={Clifton, Timothy and Ferreira, Pedro G and Padilla, Antonio and Skordis, Constantinos},
  journal={arXiv preprint arXiv:1106.2476},
  year={2011}
}

@article{gadget2005cosmological,
  title={The cosmological simulation code GADGET-2},
  author={Springel, Volker},
  journal={Monthly notices of the royal astronomical society},
  volume={364},
  number={4},
  pages={1105--1134},
  year={2005},
  publisher={The Royal Astronomical Society}
}

@article{puchwein2013modified,
  title={Modified-Gravity-GADGET: a new code for cosmological hydrodynamical simulations of modified gravity models},
  author={Puchwein, Ewald and Baldi, Marco and Springel, Volker},
  journal={Monthly Notices of the Royal Astronomical Society},
  volume={436},
  number={1},
  pages={348--360},
  year={2013},
  publisher={Oxford University Press}
}

@incollection{enzo2005introducing,
  title={Introducing Enzo, an AMR cosmology application},
  author={O'shea, Brian W and Bryan, Greg and Bordner, James and Norman, Michael L and Abel, Tom and Harkness, Robert and Kritsuk, Alexei},
  booktitle={Adaptive mesh refinement-theory and applications},
  pages={341--349},
  year={2005},
  publisher={Springer}
}

@article{schaye2014eagle,
  title={The EAGLE project: simulating the evolution and assembly of galaxies and their environments},
  author={Schaye, Joop and Crain, Robert A and Bower, Richard G and Furlong, Michelle and Schaller, Matthieu and Theuns, Tom and Dalla Vecchia, Claudio and Frenk, Carlos S and McCarthy, IG and Helly, John C and others},
  journal={Monthly Notices of the Royal Astronomical Society},
  volume={446},
  number={1},
  pages={521--554},
  year={2014},
  publisher={Oxford University Press}
}

@article{martizzi2012effects,
  title={The effects of baryon physics, black holes and active galactic nucleus feedback on the mass distribution in clusters of galaxies},
  author={Martizzi, Davide and Teyssier, Romain and Moore, Ben and Wentz, Tina},
  journal={Monthly Notices of the Royal Astronomical Society},
  volume={422},
  number={4},
  pages={3081--3091},
  year={2012},
  publisher={The Royal Astronomical Society}
}


@article{terukina2014testing,
  title={Testing chameleon gravity with the Coma cluster},
  author={Terukina, Ayumu and Lombriser, Lucas and Yamamoto, Kazuhiro and Bacon, David and Koyama, Kazuya and Nichol, Robert C},
  journal={Journal of Cosmology and Astroparticle Physics},
  volume={2014},
  number={04},
  pages={013},
  year={2014},
  publisher={IOP Publishing}
}

@article{somerville2015physical,
  title={Physical models of galaxy formation in a cosmological framework},
  author={Somerville, Rachel S and Dav{\'e}, Romeel},
  journal={Annual Review of Astronomy and Astrophysics},
  volume={53},
  pages={51--113},
  year={2015},
  publisher={Annual Reviews}
}

@article{wilcox2015xmm,
  title={The XMM Cluster Survey: testing chameleon gravity using the profiles of clusters},
  author={Wilcox, Harry and Bacon, David and Nichol, Robert C and Rooney, Philip J and Terukina, Ayumu and Romer, A Kathy and Koyama, Kazuya and Zhao, Gong-Bo and Hood, Ross and Mann, Robert G and others},
  journal={Monthly Notices of the Royal Astronomical Society},
  volume={452},
  number={2},
  pages={1171--1183},
  year={2015},
  publisher={The Royal Astronomical Society}
}

@article{nojiri2011unified,
  title={Unified cosmic history in modified gravity: from F (R) theory to Lorentz non-invariant models},
  author={Nojiri, Shin’ichi and Odintsov, Sergei D},
  journal={Physics Reports},
  volume={505},
  number={2},
  pages={59--144},
  year={2011},
  publisher={Elsevier}
}

@article{falck2014vainshtein,
  title={The Vainshtein mechanism in the cosmic web},
  author={Falck, Bridget and Koyama, Kazuya and Zhao, Gong-bo and Li, Baojiu},
  journal={Journal of Cosmology and Astroparticle Physics},
  volume={2014},
  number={07},
  pages={058},
  year={2014},
  publisher={IOP Publishing}
}

@article{brax2013systematic,
  title={Systematic simulations of modified gravity: chameleon models},
  author={Brax, Philippe and Davis, Anne-Christine and Li, Baojiu and Winther, Hans A and Zhao, Gong-Bo},
  journal={Journal of Cosmology and Astroparticle Physics},
  volume={2013},
  number={04},
  pages={029},
  year={2013},
  publisher={IOP Publishing}
}

@article{schmidt2009self,
  title={Self-consistent cosmological simulations of DGP braneworld gravity},
  author={Schmidt, Fabian},
  journal={Physical Review D},
  volume={80},
  number={4},
  pages={043001},
  year={2009},
  publisher={APS}
}

@article{hinterbichler2010screening,
  title={Screening long-range forces through local symmetry restoration},
  author={Hinterbichler, Kurt and Khoury, Justin},
  journal={Physical review letters},
  volume={104},
  number={23},
  pages={231301},
  year={2010},
  publisher={APS}
}

@article{vainshtein1972problem,
  title={To the problem of nonvanishing gravitation mass},
  author={Vainshtein, Arkady I},
  journal={Physics Letters B},
  volume={39},
  number={3},
  pages={393--394},
  year={1972},
  publisher={Elsevier}
}

@article{khoury2004chameleon,
  title={Chameleon fields: Awaiting surprises for tests of gravity in space},
  author={Khoury, Justin and Weltman, Amanda},
  journal={Physical Review Letters},
  volume={93},
  number={17},
  pages={171104},
  year={2004},
  publisher={APS}
}

@article{springel2005cosmological,
  title={The cosmological simulation code GADGET-2},
  author={Springel, Volker},
  journal={Monthly notices of the royal astronomical society},
  volume={364},
  number={4},
  pages={1105--1134},
  year={2005},
  publisher={The Royal Astronomical Society}
}

@article{oyaizu2008nonlinear1,
  title={Nonlinear evolution of f (R) cosmologies. I. Methodology},
  author={Oyaizu, Hiroaki},
  journal={Physical Review D},
  volume={78},
  number={12},
  pages={123523},
  year={2008},
  publisher={APS}
}

@article{oyaizu2008nonlinear2,
  title={Nonlinear evolution of f (R) cosmologies. II. Power spectrum},
  author={Oyaizu, Hiroaki and Lima, Marcos and Hu, Wayne},
  journal={Physical Review D},
  volume={78},
  number={12},
  pages={123524},
  year={2008},
  publisher={APS}
}


@article{llinares2013releasing,
  title={Releasing scalar fields: cosmological simulations of scalar-tensor theories for gravity beyond the static approximation},
  author={Llinares, Claudio and Mota, David F},
  journal={Physical review letters},
  volume={110},
  number={16},
  pages={161101},
  year={2013},
  publisher={APS}
}

@article{li2011n,
  title={N-body simulations for coupled scalar-field cosmology},
  author={Li, Baojiu and Barrow, John D},
  journal={Physical Review D},
  volume={83},
  number={2},
  pages={024007},
  year={2011},
  publisher={APS}
}

@article{li2012ecosmog,
  title={ECOSMOG: an efficient code for simulating modified gravity},
  author={Li, Baojiu and Zhao, Gong-Bo and Teyssier, Romain and Koyama, Kazuya},
  journal={Journal of Cosmology and Astroparticle Physics},
  volume={2012},
  number={01},
  pages={051},
  year={2012},
  publisher={IOP Publishing}
}

@article{li2009structure,
  title={Structure formation by a fifth force: N-body versus linear simulations},
  author={Li, Baojiu and Zhao, Hongsheng},
  journal={Physical Review D},
  volume={80},
  number={4},
  pages={044027},
  year={2009},
  publisher={APS}
}

@article{winther2015modified,
  title={Modified gravity N-body code comparison project},
  author={Winther, Hans A and Schmidt, Fabian and Barreira, Alexandre and Arnold, Christian and Bose, Sownak and Llinares, Claudio and Baldi, Marco and Falck, Bridget and Hellwing, Wojciech A and Koyama, Kazuya and others},
  journal={Monthly Notices of the Royal Astronomical Society},
  volume={454},
  number={4},
  pages={4208--4234},
  year={2015},
  publisher={The Royal Astronomical Society}
}

@article{arnold2014scaling,
  title={Scaling relations and mass bias in hydrodynamical f (R) gravity simulations of galaxy clusters},
  author={Arnold, Christian and Puchwein, Ewald and Springel, Volker},
  journal={Monthly Notices of the Royal Astronomical Society},
  volume={440},
  number={1},
  pages={833--842},
  year={2014},
  publisher={Oxford University Press}
}

@article{davis2012structure,
  title={Structure formation in the symmetron model},
  author={Davis, Anne-Christine and Li, Baojiu and Mota, David F and Winther, Hans A},
  journal={The Astrophysical Journal},
  volume={748},
  number={1},
  pages={61},
  year={2012},
  publisher={IOP Publishing}
}

@article{rasera2006history,
  title={The history of the baryon budget-Cosmic logistics in a hierarchical universe},
  author={Rasera, Yann and Teyssier, Romain},
  journal={Astronomy \& Astrophysics},
  volume={445},
  number={1},
  pages={1--27},
  year={2006},
  publisher={EDP Sciences}
}

@article{sembolini2016nifty,
  title={nIFTy galaxy cluster simulations--II. Radiative models},
  author={Sembolini, Federico and Elahi, Pascal Jahan and Pearce, Frazer R and Power, Chris and Knebe, Alexander and Kay, Scott T and Cui, Weiguang and Yepes, Gustavo and Beck, Alexander M and Borgani, Stefano and others},
  journal={Monthly Notices of the Royal Astronomical Society},
  volume={459},
  number={3},
  pages={2973--2991},
  year={2016},
  publisher={Oxford University Press}
}
